
@misc{itow_jhf-kamioka_2001,
	title = {The {JHF}-{Kamioka} neutrino project},
	copyright = {Assumed arXiv.org perpetual, non-exclusive license to distribute this article for submissions made before January 2004},
	url = {https://arxiv.org/abs/hep-ex/0106019},
	doi = {10.48550/ARXIV.HEP-EX/0106019},
	abstract = {The JHF-Kamioka neutrino project is a second generation long base line neutrino oscillation experiment that probes physics beyond the Standard Model by high precision measurements of the neutrino masses and mixing. A high intensity narrow band neutrino beam is produced by secondary pions created by a high intensity proton synchrotron at JHF (JAERI). The neutrino energy is tuned to the oscillation maximum at {\textasciitilde}1 GeV for a baseline length of 295 km towards the world largest water Cerenkov detector, Super-Kamiokande. Its excellent energy resolution and particle identification enable the reconstruction of the initial neutrino energy, which is compared with the narrow band neutrino energy, through the quasi-elastic interaction. The physics goal of the first phase is an order of magnitude better precision in the nu\_mu to nu\_tau oscillation measurement (delta(Delta m\_23{\textasciicircum}2)=10{\textasciicircum}-4 eV{\textasciicircum}2 and delta(sin{\textasciicircum}22theta\_23)=0.01), a factor of 20 more sensitive search in the nu\_mu to nu\_e appearance (sin{\textasciicircum}22theta\_\{mu e\} {\textasciitilde} 0.5sin{\textasciicircum}22theta\_\{13\}\&gt;0.003), and a confirmation of the nu\_mu to nu\_tau oscillation or discovery of sterile neutrinos by detecting the neutral current events. In the second phase, an upgrade of the accelerator from 0.75 MW to 4 MW in beam power and the construction of 1 Mt Hyper-Kamiokande detector at Kamioka site are envisaged. Another order of magnitude improvement in the nu\_mu to nu\_e oscillation sensitivity, a sensitive search of the CP violation in the lepton sector (CP phase "delta" down to 10-20 degrees), and an order of magnitude improvement in the proton decay sensitivity is also expected.},
	urldate = {2025-01-19},
	publisher = {arXiv},
	author = {Itow, Y. and Kajita, T. and Kaneyuki, K. and Shiozawa, M. and Totsuka, Y. and Hayato, Y. and Ishida, T. and Ishii, T. and Kobayashi, T. and Maruyama, T. and Nakamura, K. and Obayashi, Y. and Oyama, Y. and Sakuda, M. and Yoshida, M. and Aoki, S. and Hara, T. and Suzuki, A. and Ichikawa, A. and Nakaya, T. and Nishikawa, K. and Hasegawa, T. and Ishihara, K. and Konaka, A.},
	year = {2001},
	keywords = {FOS: Physical sciences, High Energy Physics - Experiment (hep-ex), 修士論文},
}

@article{apollonio_search_2003,
	title = {Search for neutrino oscillations on a long base-line at the {CHOOZ} nuclear power station},
	volume = {27},
	copyright = {http://www.springer.com/tdm},
	issn = {1434-6044, 1434-6052},
	url = {http://link.springer.com/10.1140/epjc/s2002-01127-9},
	doi = {10.1140/epjc/s2002-01127-9},
	language = {en},
	number = {3},
	urldate = {2025-01-19},
	journal = {The European Physical Journal C},
	author = {Apollonio, M. and Baldini, A. and Bemporad, C. and Caffau, E. and Cei, F. and Déclais, Y. and Kerret, H. De and Dieterle, B. and Etenko, A. and Foresti, L. and George, J. and Giannini, G. and Grassi, M. and Kozlov, Y. and Kropp, W. and Kryn, D. and Laiman, M. and Lane, C. E. and Lefièvre, B. and Machulin, I. and Martemyanov, A. and Martemyanov, V. and Mikaelyan, L. and Nicolò, D. and Obolensky, M. and Pazzi, R. and Pieri, G. and Price, L. and Riley, S. and Reeder, R. and Sabelnikov, A. and Santin, G. and Skorokhvatov, M. and Sobel, H. and Steele, J. and Steinberg, R. and Sukhotin, S. and Tomshaw, S. and Veron, D. and Vyrodov, V.},
	month = apr,
	year = {2003},
	keywords = {修士論文},
	pages = {331--374},
}

@article{abe_precision_2008,
	title = {Precision {Measurement} of {Neutrino} {Oscillation} {Parameters} with {KamLAND}},
	volume = {100},
	copyright = {http://link.aps.org/licenses/aps-default-license},
	issn = {0031-9007, 1079-7114},
	url = {https://link.aps.org/doi/10.1103/PhysRevLett.100.221803},
	doi = {10.1103/PhysRevLett.100.221803},
	language = {en},
	number = {22},
	urldate = {2025-01-19},
	journal = {Physical Review Letters},
	author = {Abe, S. and Ebihara, T. and Enomoto, S. and Furuno, K. and Gando, Y. and Ichimura, K. and Ikeda, H. and Inoue, K. and Kibe, Y. and Kishimoto, Y. and Koga, M. and Kozlov, A. and Minekawa, Y. and Mitsui, T. and Nakajima, K. and Nakajima, K. and Nakamura, K. and Nakamura, M. and Owada, K. and Shimizu, I. and Shimizu, Y. and Shirai, J. and Suekane, F. and Suzuki, A. and Takemoto, Y. and Tamae, K. and Terashima, A. and Watanabe, H. and Yonezawa, E. and Yoshida, S. and Busenitz, J. and Classen, T. and Grant, C. and Keefer, G. and Leonard, D. S. and McKee, D. and Piepke, A. and Decowski, M. P. and Detwiler, J. A. and Freedman, S. J. and Fujikawa, B. K. and Gray, F. and Guardincerri, E. and Hsu, L. and Kadel, R. and Lendvai, C. and Luk, K.-B. and Murayama, H. and O’Donnell, T. and Steiner, H. M. and Winslow, L. A. and Dwyer, D. A. and Jillings, C. and Mauger, C. and McKeown, R. D. and Vogel, P. and Zhang, C. and Berger, B. E. and Lane, C. E. and Maricic, J. and Miletic, T. and Batygov, M. and Learned, J. G. and Matsuno, S. and Pakvasa, S. and Foster, J. and Horton-Smith, G. A. and Tang, A. and Dazeley, S. and Downum, K. E. and Gratta, G. and Tolich, K. and Bugg, W. and Efremenko, Y. and Kamyshkov, Y. and Perevozchikov, O. and Karwowski, H. J. and Markoff, D. M. and Tornow, W. and Heeger, K. M. and Piquemal, F. and Ricol, J.-S.},
	month = jun,
	year = {2008},
	keywords = {修士論文},
	pages = {221803},
}

@article{ashie_measurement_2005,
	title = {Measurement of atmospheric neutrino oscillation parameters by {Super}-{Kamiokande} {I}},
	volume = {71},
	copyright = {http://link.aps.org/licenses/aps-default-license},
	issn = {1550-7998, 1550-2368},
	url = {https://link.aps.org/doi/10.1103/PhysRevD.71.112005},
	doi = {10.1103/PhysRevD.71.112005},
	language = {en},
	number = {11},
	urldate = {2025-01-19},
	journal = {Physical Review D},
	author = {Ashie, Y. and Hosaka, J. and Ishihara, K. and Itow, Y. and Kameda, J. and Koshio, Y. and Minamino, A. and Mitsuda, C. and Miura, M. and Moriyama, S. and Nakahata, M. and Namba, T. and Nambu, R. and Obayashi, Y. and Shiozawa, M. and Suzuki, Y. and Takeuchi, Y. and Taki, K. and Yamada, S. and Ishitsuka, M. and Kajita, T. and Kaneyuki, K. and Nakayama, S. and Okada, A. and Okumura, K. and Saji, C. and Takenaga, Y. and Clark, S. T. and Desai, S. and Kearns, E. and Likhoded, S. and Stone, J. L. and Sulak, L. R. and Wang, W. and Goldhaber, M. and Casper, D. and Cravens, J. P. and Gajewski, W. and Kropp, W. R. and Liu, D. W. and Mine, S. and Smy, M. B. and Sobel, H. W. and Sterner, C. W. and Vagins, M. R. and Ganezer, K. S. and Hill, J. and Keig, W. E. and Jang, J. S. and Kim, J. Y. and Lim, I. T. and Scholberg, K. and Walter, C. W. and Ellsworth, R. W. and Tasaka, S. and Guillian, G. and Kibayashi, A. and Learned, J. G. and Matsuno, S. and Takemori, D. and Messier, M. D. and Hayato, Y. and Ichikawa, A. K. and Ishida, T. and Ishii, T. and Iwashita, T. and Kobayashi, T. and Maruyama, T. and Nakamura, K. and Nitta, K. and Oyama, Y. and Sakuda, M. and Totsuka, Y. and Suzuki, A. T. and Hasegawa, M. and Hayashi, K. and Kato, I. and Maesaka, H. and Morita, T. and Nakaya, T. and Nishikawa, K. and Sasaki, T. and Ueda, S. and Yamamoto, S. and Haines, T. J. and Dazeley, S. and Hatakeyama, S. and Svoboda, R. and Blaufuss, E. and Goodman, J. A. and Sullivan, G. W. and Turcan, D. and Habig, A. and Fukuda, Y. and Jung, C. K. and Kato, T. and Kobayashi, K. and Malek, M. and Mauger, C. and McGrew, C. and Sarrat, A. and Sharkey, E. and Yanagisawa, C. and Toshito, T. and Miyano, K. and Tamura, N. and Ishii, J. and Kuno, Y. and Yoshida, M. and Kim, S. B. and Yoo, J. and Okazawa, H. and Ishizuka, T. and Choi, Y. and Seo, H. K. and Gando, Y. and Hasegawa, T. and Inoue, K. and Shirai, J. and Suzuki, A. and Koshiba, M. and Nakajima, Y. and Nishijima, K. and Harada, T. and Ishino, H. and Watanabe, Y. and Kielczewska, D. and Zalipska, J. and Berns, H. G. and Gran, R. and Shiraishi, K. K. and Stachyra, A. and Washburn, K. and Wilkes, R. J.},
	month = jun,
	year = {2005},
	keywords = {修士論文},
	pages = {112005},
}

@article{maki_remarks_1962,
	title = {Remarks on the {Unified} {Model} of {Elementary} {Particles}},
	volume = {28},
	issn = {0033-068X},
	url = {https://academic.oup.com/ptp/article-lookup/doi/10.1143/PTP.28.870},
	doi = {10.1143/PTP.28.870},
	language = {en},
	number = {5},
	urldate = {2025-01-19},
	journal = {Progress of Theoretical Physics},
	author = {Maki, Ziro and Nakagawa, Masami and Sakata, Shoichi},
	month = nov,
	year = {1962},
	keywords = {修士論文},
	pages = {870--880},
}

@article{ahn_measurement_2006,
	title = {Measurement of neutrino oscillation by the {K2K} experiment},
	volume = {74},
	copyright = {http://link.aps.org/licenses/aps-default-license},
	issn = {1550-7998, 1550-2368},
	url = {https://link.aps.org/doi/10.1103/PhysRevD.74.072003},
	doi = {10.1103/PhysRevD.74.072003},
	language = {en},
	number = {7},
	urldate = {2025-01-19},
	journal = {Physical Review D},
	author = {Ahn, M. H. and Aliu, E. and Andringa, S. and Aoki, S. and Aoyama, Y. and Argyriades, J. and Asakura, K. and Ashie, R. and Berghaus, F. and Berns, H. G. and Bhang, H. and Blondel, A. and Borghi, S. and Bouchez, J. and Boyd, S. C. and Burguet-Castell, J. and Casper, D. and Catala, J. and Cavata, C. and Cervera, A. and Chen, S. M. and Cho, K. O. and Choi, J. H. and Dore, U. and Echigo, S. and Espinal, X. and Fechner, M. and Fernandez, E. and Fujii, K. and Fujii, Y. and Fukuda, S. and Fukuda, Y. and Gomez-Cadenas, J. and Gran, R. and Hara, T. and Hasegawa, M. and Hasegawa, T. and Hayashi, K. and Hayato, Y. and Helmer, R. L. and Higuchi, I. and Hill, J. and Hiraide, K. and Hirose, E. and Hosaka, J. and Ichikawa, A. K. and Ieiri, M. and Iinuma, M. and Ikeda, A. and Inagaki, T. and Ishida, T. and Ishihara, K. and Ishii, H. and Ishii, T. and Ishino, H. and Ishitsuka, M. and Itow, Y. and Iwashita, T. and Jang, H. I. and Jang, J. S. and Jeon, E. J. and Jeong, I. S. and Joo, K. K. and Jover, G. and Jung, C. K. and Kajita, T. and Kameda, J. and Kaneyuki, K. and Kang, B. H. and Kato, I. and Kato, Y. and Kearns, E. and Kerr, D. and Kim, C. O. and Khabibullin, M. and Khotjantsev, A. and Kielczewska, D. and Kim, B. J. and Kim, H. I. and Kim, J. H. and Kim, J. Y. and Kim, S. B. and Kitamura, M. and Kitching, P. and Kobayashi, K. and Kobayashi, T. and Kohama, M. and Konaka, A. and Koshio, Y. and Kropp, W. and Kubota, J. and Kudenko, Yu. and Kume, G. and Kuno, Y. and Kurimoto, Y. and Kutter, T. and Learned, J. and Likhoded, S. and Lim, I. T. and Lim, S. H. and Loverre, P. F. and Ludovici, L. and Maesaka, H. and Mallet, J. and Mariani, C. and Martens, K. and Maruyama, T. and Matsuno, S. and Matveev, V. and Mauger, C. and McConnel Mahn, K. B. and McGrew, C. and Mikheyev, S. and Minakawa, M. and Minamino, A. and Mine, S. and Mineev, O. and Mitsuda, C. and Mitsuka, G. and Miura, M. and Moriguchi, Y. and Morita, T. and Moriyama, S. and Nakadaira, T. and Nakahata, M. and Nakamura, K. and Nakano, I. and Nakata, F. and Nakaya, T. and Nakayama, S. and Namba, T. and Nambu, R. and Nawang, S. and Nishikawa, K. and Nishino, H. and Nishiyama, S. and Nitta, K. and Noda, S. and Noumi, H. and Nova, F. and Novella, P. and Obayashi, Y. and Okada, A. and Okumura, K. and Okumura, M. and Onchi, M. and T., Ooyabu and Oser, S. M. and Otaki, T. and Oyama, Y. and Pac, M. Y. and Park, H. and Pierre, F. and Rodriguez, A. and Saji, C. and Sakai, A. and Sakuda, M. and Sakurai, N. and Sanchez, F. and Sarrat, A. and Sasaki, T. and Sato, H. and Sato, K. and Scholberg, K. and Schroeter, R. and Sekiguchi, M. and Seo, E. and Sharkey, E. and Shima, A. and Shiozawa, M. and Shiraishi, K. and Sitjes, G. and Smy, M. and So, H. and Sobel, H. and Sorel, M. and Stone, J. and Sulak, L. and Suga, Y. and Suzuki, A. and Suzuki, Y. and Suzuki, Y. and Tada, M. and Takahashi, T. and Takasaki, M. and Takatsuki, M. and Takenaga, Y. and Takenaka, K. and Takeuchi, H. and Takeuchi, Y. and Taki, K. and Takubo, Y. and Tamura, N. and Tanaka, H. and Tanaka, K. and Tanaka, M. and Tanaka, Y. and Tashiro, K. and Terri, R. and T’Jampens, S. and Tornero-Lopez, A. and Toshito, T. and Totsuka, Y. and Ueda, S. and Vagins, M. and Whitehead, L. and Walter, C. W. and Wang, W. and Wilkes, R. J. and Yamada, S. and Yamada, Y. and Yamamoto, S. and Yamanoi, Y. and Yanagisawa, C. and Yershov, N. and Yokoyama, H. and Yokoyama, M. and Yoo, J. and Yoshida, M. and Zalipska, J.},
	month = oct,
	year = {2006},
	keywords = {修士論文},
	pages = {072003},
}

@article{michael_observation_2006,
	title = {Observation of {Muon} {Neutrino} {Disappearance} with the {MINOS} {Detectors} in the {NuMI} {Neutrino} {Beam}},
	volume = {97},
	copyright = {http://link.aps.org/licenses/aps-default-license},
	issn = {0031-9007, 1079-7114},
	url = {https://link.aps.org/doi/10.1103/PhysRevLett.97.191801},
	doi = {10.1103/PhysRevLett.97.191801},
	language = {en},
	number = {19},
	urldate = {2025-01-19},
	journal = {Physical Review Letters},
	author = {Michael, D. G. and Adamson, P. and Alexopoulos, T. and Allison, W. W. M. and Alner, G. J. and Anderson, K. and Andreopoulos, C. and Andrews, M. and Andrews, R. and Arms, K. E. and Armstrong, R. and Arroyo, C. and Auty, D. J. and Avvakumov, S. and Ayres, D. S. and Baller, B. and Barish, B. and Barker, M. A. and Barnes, P. D. and Barr, G. and Barrett, W. L. and Beall, E. and Becker, B. R. and Belias, A. and Bergfeld, T. and Bernstein, R. H. and Bhattacharya, D. and Bishai, M. and Blake, A. and Bocean, V. and Bock, B. and Bock, G. J. and Boehm, J. and Boehnlein, D. J. and Bogert, D. and Border, P. M. and Bower, C. and Boyd, S. and Buckley-Geer, E. and Bungau, C. and Byon-Wagner, A. and Cabrera, A. and Chapman, J. D. and Chase, T. R. and Cherdack, D. and Chernichenko, S. K. and Childress, S. and Choudhary, B. C. and Cobb, J. H. and Cossairt, J. D. and Courant, H. and Crane, D. A. and Culling, A. J. and Dawson, J. W. and De Jong, J. K. and DeMuth, D. M. and De Santo, A. and Dierckxsens, M. and Diwan, M. V. and Dorman, M. and Drake, G. and Drakoulakos, D. and Ducar, R. and Durkin, T. and Erwin, A. R. and Escobar, C. O. and Evans, J. J. and Fackler, O. D. and Falk Harris, E. and Feldman, G. J. and Felt, N. and Fields, T. H. and Ford, R. and Frohne, M. V. and Gallagher, H. R. and Gebhard, M. and Giurgiu, G. A. and Godley, A. and Gogos, J. and Goodman, M. C. and Gornushkin, Yu. and Gouffon, P. and Gran, R. and Grashorn, E. and Grossman, N. and Grudzinski, J. J. and Grzelak, K. and Guarino, V. and Habig, A. and Halsall, R. and Hanson, J. and Harris, D. and Harris, P. G. and Hartnell, J. and Hartouni, E. P. and Hatcher, R. and Heller, K. and Hill, N. and Ho, Y. and Holin, A. and Howcroft, C. and Hylen, J. and Ignatenko, M. and Indurthy, D. and Irwin, G. M. and Ishitsuka, M. and Jaffe, D. E. and James, C. and Jenner, L. and Jensen, D. and Joffe-Minor, T. and Kafka, T. and Kang, H. J. and Kasahara, S. M. S. and Kilmer, J. and Kim, H. and Kim, M. S. and Koizumi, G. and Kopp, S. and Kordosky, M. and Koskinen, D. J. and Kostin, M. and Kotelnikov, S. K. and Krakauer, D. A. and Kreymer, A. and Kumaratunga, S. and Ladran, A. S. and Lang, K. and Laughton, C. and Lebedev, A. and Lee, R. and Lee, W. Y. and Libkind, M. A. and Ling, J. and Liu, J. and Litchfield, P. J. and Litchfield, R. P. and Longley, N. P. and Lucas, P. and Luebke, W. and Madani, S. and Maher, E. and Makeev, V. and Mann, W. A. and Marchionni, A. and Marino, A. D. and Marshak, M. L. and Marshall, J. S. and Mayer, N. and McDonald, J. and McGowan, A. M. and Meier, J. R. and Merzon, G. I. and Messier, M. D. and Milburn, R. H. and Miller, J. L. and Miller, W. H. and Mishra, S. R. and Mislivec, A. and Miyagawa, P. S. and Moore, C. D. and Morfín, J. and Morse, R. and Mualem, L. and Mufson, S. and Murgia, S. and Murtagh, M. J. and Musser, J. and Naples, D. and Nelson, C. and Nelson, J. K. and Newman, H. B. and Nezrick, F. and Nichol, R. J. and Nicholls, T. C. and Ochoa-Ricoux, J. P. and Oliver, J. and Oliver, W. P. and Onuchin, V. A. and Osiecki, T. and Ospanov, R. and Paley, J. and Paolone, V. and Para, A. and Patzak, T. and Pavlović, Ž. and Pearce, G. F. and Pearson, N. and Peck, C. W. and Perry, C. and Peterson, E. A. and Petyt, D. A. and Ping, H. and Piteira, R. and Pittam, R. and Pla-Dalmau, A. and Plunkett, R. K. and Price, L. E. and Proga, M. and Pushka, D. R. and Rahman, D. and Rameika, R. A. and Raufer, T. M. and Read, A. L. and Rebel, B. and Reichenbacher, J. and Reyna, D. E. and Rosenfeld, C. and Rubin, H. A. and Ruddick, K. and Ryabov, V. A. and Saakyan, R. and Sanchez, M. C. and Saoulidou, N. and Schneps, J. and Schoessow, P. V. and Schreiner, P. and Schwienhorst, R. and Semenov, V. K. and Seun, S.-M. and Shanahan, P. and Shield, P. D. and Smart, W. and Smirnitsky, V. and Smith, C. and Smith, P. N. and Sousa, A. and Speakman, B. and Stamoulis, P. and Stefanik, A. and Sullivan, P. and Swan, J. M. and Symes, P. A. and Tagg, N. and Talaga, R. L. and Terekhov, A. and Tetteh-Lartey, E. and Thomas, J. and Thompson, J. and Thomson, M. A. and Thron, J. L. and Tinti, G. and Trendler, R. and Trevor, J. and Trostin, I. and Tsarev, V. A. and Tzanakos, G. and Urheim, J. and Vahle, P. and Vakili, M. and Vaziri, K. and Velissaris, C. and Verebryusov, V. and Viren, B. and Wai, L. and Ward, C. P. and Ward, D. R. and Watabe, M. and Weber, A. and Webb, R. C. and Wehmann, A. and West, N. and White, C. and White, R. F. and Wojcicki, S. G. and Wright, D. M. and Wu, Q. K. and Yan, W. G. and Yang, T. and Yumiceva, F. X. and Yun, J. C. and Zheng, H. and Zois, M. and Zwaska, R.},
	month = nov,
	year = {2006},
	keywords = {修士論文},
	pages = {191801},
}

@article{hosaka_solar_2006,
	title = {Solar neutrino measurements in {Super}-{Kamiokande}-{I}},
	volume = {73},
	copyright = {http://link.aps.org/licenses/aps-default-license},
	issn = {1550-7998, 1550-2368},
	url = {https://link.aps.org/doi/10.1103/PhysRevD.73.112001},
	doi = {10.1103/PhysRevD.73.112001},
	language = {en},
	number = {11},
	urldate = {2025-01-19},
	journal = {Physical Review D},
	author = {Hosaka, J. and Ishihara, K. and Kameda, J. and Koshio, Y. and Minamino, A. and Mitsuda, C. and Miura, M. and Moriyama, S. and Nakahata, M. and Namba, T. and Obayashi, Y. and Sakurai, N. and Sarrat, A. and Shiozawa, M. and Suzuki, Y. and Takeuchi, Y. and Yamada, S. and Higuchi, I. and Ishitsuka, M. and Kajita, T. and Kaneyuki, K. and Mitsuka, G. and Nakayama, S. and Nishino, H. and Okada, A. and Okumura, K. and Saji, C. and Takenaga, Y. and Clark, S. and Desai, S. and Kearns, E. and Likhoded, S. and Stone, J. L. and Sulak, L. R. and Wang, W. and Goldhaber, M. and Casper, D. and Cravens, J. P. and Kropp, W. R. and Liu, D. W. and Mine, S. and Smy, M. B. and Sobel, H. W. and Sterner, C. W. and Vagins, M. R. and Ganezer, K. S. and Hill, J. and Keig, W. E. and Jang, J. S. and Kim, J. Y. and Lim, I. T. and Scholberg, K. and Walter, C. W. and Ellsworth, R. W. and Tasaka, S. and Guillian, G. and Kibayashi, A. and Learned, J. G. and Matsuno, S. and Messier, M. D. and Hayato, Y. and Ichikawa, A. K. and Ishida, T. and Ishii, T. and Iwashita, T. and Kobayashi, T. and Nakadaira, T. and Nakamura, K. and Nitta, K. and Oyama, Y. and Totsuka, Y. and Suzuki, A. T. and Hasegawa, M. and Kato, I. and Maesaka, H. and Nakaya, T. and Nishikawa, K. and Sasaki, T. and Sato, H. and Yamamoto, S. and Yokoyama, M. and Haines, T. J. and Dazeley, S. and Kim, B. K. and Lee, K. B. and Hatakeyama, S. and Svoboda, R. and Blaufuss, E. and Goodman, J. A. and Sullivan, G. W. and Turcan, D. and Cooley, J. and Habig, A. and Fukuda, Y. and Sato, T. and Itow, Y. and Jung, C. K. and Kato, T. and Kobayashi, K. and Malek, M. and Martens, K. and Mauger, C. and McGrew, C. and Sharkey, E. and Yanagisawa, C. and Tamura, N. and Sakuda, M. and Kuno, Y. and Yoshida, M. and Kim, S. B. and Yoo, J. and Okazawa, H. and Ishizuka, T. and Choi, Y. and Seo, H. K. and Gando, Y. and Hasegawa, T. and Inoue, K. and Shirai, J. and Suzuki, A. and Nishijima, K. and Ishino, H. and Watanabe, Y. and Koshiba, M. and Kielczewska, D. and Zalipska, J. and Berns, H. G. and Gran, R. and Shiraishi, K. K. and Stachyra, A. L. and Washburnand, K. and Wilkes, R. J.},
	month = jun,
	year = {2006},
	keywords = {修士論文},
	pages = {112001},
}

@article{aharmim_electron_2005,
	title = {Electron energy spectra, fluxes, and day-night asymmetries of 8 {B} solar neutrinos from measurements with {NaCl} dissolved in the heavy-water detector at the {Sudbury} {Neutrino} {Observatory}},
	volume = {72},
	copyright = {http://link.aps.org/licenses/aps-default-license},
	issn = {0556-2813, 1089-490X},
	url = {https://link.aps.org/doi/10.1103/PhysRevC.72.055502},
	doi = {10.1103/PhysRevC.72.055502},
	language = {en},
	number = {5},
	urldate = {2025-01-19},
	journal = {Physical Review C},
	author = {Aharmim, B. and Ahmed, S. N. and Anthony, A. E. and Beier, E. W. and Bellerive, A. and Bergevin, M. and Biller, S. D. and Boger, J. and Boulay, M. G. and Bowler, M. G. and Bullard, T. V. and Chan, Y. D. and Chen, M. and Chen, X. and Cleveland, B. T. and Cox, G. A. and Currat, C. A. and Dai, X. and Dalnoki-Veress, F. and Deng, H. and Doe, P. J. and Dosanjh, R. S. and Doucas, G. and Duba, C. A. and Duncan, F. A. and Dunford, M. and Dunmore, J. A. and Earle, E. D. and Elliott, S. R. and Evans, H. C. and Ewan, G. T. and Farine, J. and Fergani, H. and Fleurot, F. and Formaggio, J. A. and Frame, K. and Frati, W. and Fulsom, B. G. and Gagnon, N. and Graham, K. and Grant, D. R. and Hahn, R. L. and Hall, J. C. and Hallin, A. L. and Hallman, E. D. and Handler, W. B. and Hargrove, C. K. and Harvey, P. J. and Hazama, R. and Heeger, K. M. and Heelan, L. and Heintzelman, W. J. and Heise, J. and Helmer, R. L. and Hemingway, R. J. and Hime, A. and Howard, C. and Howe, M. A. and Huang, M. and Jagam, P. and Jelley, N. A. and Klein, J. R. and Kormos, L. L. and Kos, M. S. and Krüger, A. and Kraus, C. and Krauss, C. B. and Krumins, A. V. and Kutter, T. and Kyba, C. C. M. and Labranche, H. and Lange, R. and Law, J. and Lawson, I. T. and Lesko, K. T. and Leslie, J. R. and Levine, I. and Loach, J. C. and Luoma, S. and MacLellan, R. and Majerus, S. and Mak, H. B. and Maneira, J. and Marino, A. D. and McCauley, N. and McDonald, A. B. and McGee, S. and McGregor, G. and Mifflin, C. and Miknaitis, K. K. S. and Moffat, B. A. and Nally, C. W. and Neubauer, M. S. and Nickel, B. G. and Noble, A. J. and Norman, E. B. and Oblath, N. S. and Okada, C. E. and Ollerhead, R. W. and Orrell, J. L. and Oser, S. M. and Ouellet, C. and Peeters, S. J. M. and Poon, A. W. P. and Rielage, K. and Robertson, B. C. and Robertson, R. G. H. and Rollin, E. and Rosendahl, S. S. E. and Rusu, V. L. and Schwendener, M. H. and Seibert, S. R. and Simard, O. and Simpson, J. J. and Sims, C. J. and Sinclair, D. and Skensved, P. and Smith, M. W. E. and Starinsky, N. and Stokstad, R. G. and Stonehill, L. C. and Tafirout, R. and Takeuchi, Y. and Tešić, G. and Thomson, M. and Thorman, M. and Tsui, T. and Berg, R. Van and Water, R. G. Van De and Virtue, C. J. and Wall, B. L. and Waller, D. and Waltham, C. E. and Tseung, H. Wan Chan and Wark, D. L. and Wendland, J. and West, N. and Wilkerson, J. F. and Wilson, J. R. and Wittich, P. and Wouters, J. M. and Wright, A. and Yeh, M. and Zuber, K.},
	month = nov,
	year = {2005},
	keywords = {修士論文},
	pages = {055502},
}
